@article{Willers_2020,
doi = {10.1088/1742-6596/1468/1/012113},
url = {https://dx.doi.org/10.1088/1742-6596/1468/1/012113},
year = {2020},
month = {feb},
publisher = {IOP Publishing},
volume = {1468},
number = {1},
pages = {012113},
author = {Willers, Michael and for the LEGEND collaboration},
title = {Signal Readout Electronics for LEGEND-200},
journal = {Journal of Physics: Conference Series},
}

@proceedings{Hewett:2012ns,
    author = "Hewett, J. L. and others",
    title = "{Fundamental Physics at the Intensity Frontier}",
    eprint = "1205.2671",
    archivePrefix = "arXiv",
    primaryClass = "hep-ex",
    reportNumber = "ANL-HEP-TR-12-25, SLAC-R-991, FERMILAB-CONF-12-879-PPD",
    doi = "10.2172/1042577",
    month = "5",
    year = "2012"
}

@article{Super_Kamiokande_1998kpq,
    author = "Fukuda, Y. and others",
    collaboration = "Super-Kamiokande",
    title = "{Evidence for oscillation of atmospheric neutrinos}",
    eprint = "hep-ex/9807003",
    archivePrefix = "arXiv",
    reportNumber = "BU-98-17, ICRR-REPORT-422-98-18, UCI-98-8, KEK-PREPRINT-98-95, LSU-HEPA-5-98, UMD-98-003, SBHEP-98-5, TKU-PAP-98-06, TIT-HPE-98-09",
    doi = "10.1103/PhysRevLett.81.1562",
    journal = "Phys. Rev. Lett.",
    volume = "81",
    pages = "1562--1567",
    year = "1998"
}

@article{ParticleDataGroup:2014cgo,
    author = "Olive, K. A. and others",
    collaboration = "Particle Data Group",
    title = "{Review of Particle Physics}",
    doi = "10.1088/1674-1137/38/9/090001",
    journal = "Chin. Phys. C",
    volume = "38",
    pages = "090001",
    year = "2014"
}

@article{Planck_2015fie,
    author = "Ade, P. A. R. and others",
    collaboration = "Planck",
    title = "{Planck 2015 results. XIII. Cosmological parameters}",
    eprint = "1502.01589",
    archivePrefix = "arXiv",
    primaryClass = "astro-ph.CO",
    doi = "10.1051/0004-6361/201525830",
    journal = "Astron. Astrophys.",
    volume = "594",
    pages = "A13",
    year = "2016"
}

@article{KATRIN:2022,
    author = "Aker, M. and others",
    collaboration = "KATRIN",
    title = "{Direct neutrino-mass measurement with sub-electronvolt sensitivity}",
    doi = "10.1038/s41567-021-01463-1",
    journal = "Nature Phys.",
    volume = "18",
    number = "2",
    pages = "160--166",
    year = "2022"
}

@article{RN293,
   author = {Scheltens, P. and Blennow, K. and Breteler, M. M. B. and de Strooper, B. and Frisoni, G. B. and Salloway, S. and Van der Flier, W. M.},
   title = {Alzheimer's disease},
   journal = {Lancet},
   volume = {388},
   number = {10043},
   pages = {505-517},
   ISSN = {0140-6736},
   DOI = {10.1016/s0140-6736(15)01124-1},
   url = {<Go to ISI>://WOS:000380559400031},
   year = {2016},
   type = {Journal Article}
}

@article{RN189,
   author = {Pirker, W. and Katzenschlager, R.},
   title = {Gait disorders in adults and the elderly A clinical guide},
   journal = {Wiener Klinische Wochenschrift},
   volume = {129},
   number = {3-4},
   pages = {81-95},
   ISSN = {0043-5325},
   DOI = {10.1007/s00508-016-1096-4},
   url = {<Go to ISI>://WOS:000395027700001},
   year = {2017},
   type = {Journal Article}
}

@article{Menendez:2017fdf,
    author = "Men\'endez, J.",
    title = "{Neutrinoless $\beta\beta$ decay mediated by the exchange of light and heavy neutrinos: The role of nuclear structure correlations}",
    eprint = "1804.02105",
    archivePrefix = "arXiv",
    primaryClass = "nucl-th",
    doi = "10.1088/1361-6471/aa9bd4",
    journal = "J. Phys. G",
    volume = "45",
    number = "1",
    pages = "014003",
    year = "2018"
}

@article{Abgrall:2016cct,
    author = "Abgrall, N. and others",
    title = "{The Majorana Demonstrator radioassay program}",
    eprint = "1601.03779",
    archivePrefix = "arXiv",
    primaryClass = "physics.ins-det",
    doi = "10.1016/j.nima.2016.04.070",
    journal = "Nucl. Instrum. Meth. A",
    volume = "828",
    pages = "22--36",
    year = "2016"
}

@article{RN181,
   author = {Prince, M. and Bryce, R. and Albanese, E. and Wimo, A. and Ribeiro, W. and Ferri, C. P.},
   title = {The global prevalence of dementia: A systematic review and metaanalysis},
   journal = {Alzheimers \& Dementia},
   volume = {9},
   number = {1},
   pages = {63-75},
   ISSN = {1552-5260},
   DOI = {10.1016/j.jalz.2012.11.007},
   url = {<Go to ISI>://WOS:000314081400008},
   year = {2013},
   type = {Journal Article}
}

@article{mjd2013,
    author = "Abgrall, N. and others",
    collaboration = "Majorana",
    title = "{The Majorana Demonstrator Neutrinoless Double-Beta Decay Experiment}",
    eprint = "1308.1633",
    archivePrefix = "arXiv",
    primaryClass = "physics.ins-det",
    reportNumber = "LA-UR-13-24815",
    doi = "10.1155/2014/365432",
    journal = "Adv. High Energy Phys.",
    volume = "2014",
    pages = "365432",
    year = "2014"
}

@book{Thomson:2013zua,
    author = "Thomson, Mark",
    title = "{Modern particle physics}",
    isbn = "978-1-107-03426-6",
    publisher = "Cambridge University Press",
    address = "New York",
    year = "2013"
}

@misc{see-saw_article,
author = {{Robert D. Klauber}},
title = {{The Seesaw Mechanism}},
howpublished = {\url{http://www.quantumfieldtheory.info/TheSeesawMechanism.htm}},
  note = {{Accessed: 2021-04-18}}
}


@article{Bilenky:2014uka,
    author = "Bilenky, S. M. and Giunti, C.",
    title = "{Neutrinoless Double-Beta Decay: a Probe of Physics Beyond the Standard Model}",
    eprint = "1411.4791",
    archivePrefix = "arXiv",
    primaryClass = "hep-ph",
    doi = "10.1142/S0217751X1530001X",
    journal = "Int. J. Mod. Phys. A",
    volume = "30",
    number = "04n05",
    pages = "1530001",
    year = "2015"
}

@phdthesis{Gruszko:2017kfx,
    author = "Gruszko, Julieta",
    title = "{Surface Alpha Interactions in P-Type Point-Contact HPGe Detectors: Maximizing Sensitivity of $^{76}$Ge Neutrinoless Double-Beta Decay Searches}",
    school = "U. Washington, Seattle (main)",
    year = "2017"
}

@phdthesis{Meijer:2019qvc,
    author = "Meijer, Samuel Joseph",
    title = "{Precision Modeling of Germanium Detector Waveforms For Rare Event Searches}",
    doi = "10.17615/2hq3-nn33",
    school = "North Carolina U.",
    year = "2019"
}

@article{PhysRevD.96.053001,
  title = {Discovery probability of next-generation neutrinoless double-$\ensuremath{\beta}$ decay experiments},
  author = {Agostini, Matteo and Benato, Giovanni and Detwiler, Jason A.},
  journal = {Phys. Rev. D},
  volume = {96},
  issue = {5},
  pages = {053001},
  numpages = {14},
  year = {2017},
  month = {Sep},
  publisher = {American Physical Society},
  doi = {10.1103/PhysRevD.96.053001},
  url = {https://link.aps.org/doi/10.1103/PhysRevD.96.053001}
}



@article{Vergados_2012,
   title={Theory of neutrinoless double-beta decay},
   volume={75},
   ISSN={1361-6633},
   url={http://dx.doi.org/10.1088/0034-4885/75/10/106301},
   DOI={10.1088/0034-4885/75/10/106301},
   number={10},
   journal={Reports on Progress in Physics},
   publisher={IOP Publishing},
   author={Vergados, J D and Ejiri, H and Šimkovic, F},
   year={2012},
   month={Sep},
   pages={106301}
}

@article{2nbb_cond,
author = {Saakyan, Ruben},
title = {Two-Neutrino Double-Beta Decay},
journal = {Annual Review of Nuclear and Particle Science},
volume = {63},
number = {1},
pages = {503-529},
year = {2013},
doi = {10.1146/annurev-nucl-102711-094904},

URL = { 
        https://doi.org/10.1146/annurev-nucl-102711-094904
    
},
eprint = { 
        https://doi.org/10.1146/annurev-nucl-102711-094904
    
}
,
    abstract = { Two-neutrino double-β decay is a radioactive process with the longest lifetime ever observed. It has been a subject of experimental research for more than 60 years and remains an important topic in modern nuclear and particle physics. This review examines the process in detail, covers its theoretical and experimental aspects, and describes the results obtained so far and future challenges. }
}

@article{ZUBER_2012,
   title={Neutrinoless double beta decay},
   volume={79},
   ISSN={0973-7111},
   url={http://dx.doi.org/10.1007/s12043-012-0387-1},
   DOI={10.1007/s12043-012-0387-1},
   number={4},
   journal={Pramana},
   publisher={Springer Science and Business Media LLC},
   author={ZUBER, KAI},
   year={2012},
   month={Oct},
   pages={781–791}
}



@article{PhysRevLett.59.2020,
  title = {Direct evidence for two-neutrino double-beta decay in $^{82}\mathrm{Se}$},
  author = {Elliott, S. R. and Hahn, A. A. and Moe, M. K.},
  journal = {Phys. Rev. Lett.},
  volume = {59},
  issue = {18},
  pages = {2020--2023},
  numpages = {0},
  year = {1987},
  month = {Nov},
  publisher = {American Physical Society},
  doi = {10.1103/PhysRevLett.59.2020},
  url = {https://link.aps.org/doi/10.1103/PhysRevLett.59.2020}
}

@article{Majorana_1937,
    author = "Majorana, Ettore",
    title = "{Teoria simmetrica dell\textquoteright{}elettrone e del positrone}",
    reportNumber = "RX-888",
    doi = "10.1007/BF02961314",
    journal = "Nuovo Cim.",
    volume = "14",
    pages = "171--184",
    year = "1937"
}

@article{Schechter_1982,
  title = {Neutrinoless double-$\ensuremath{\beta}$ decay in SU(2)\ifmmode\times\else\texttimes\fi{}U(1) theories},
  author = {Schechter, J. and Valle, J. W. F.},
  journal = {Phys. Rev. D},
  volume = {25},
  issue = {11},
  pages = {2951--2954},
  numpages = {0},
  year = {1982},
  month = {Jun},
  publisher = {American Physical Society},
  doi = {10.1103/PhysRevD.25.2951},
  url = {https://link.aps.org/doi/10.1103/PhysRevD.25.2951}
}




@article{KamLANDZen2018,
    author = "Gando, Yoshihito",
    editor = "Marrone, Antonio and Mirizzi, Alessandro and Montanino, Daniele",
    collaboration = "Kamland-Zen",
    title = "{Neutrinoless double beta decay search with KamLAND-Zen}",
    doi = "10.22323/1.337.0068",
    journal = "PoS",
    volume = "NOW2018",
    pages = "068",
    year = "2018"
}


@article{Auger2012ar,
    author = "Auger, M. and others",
    collaboration = "EXO-200",
    title = "{Search for Neutrinoless Double-Beta Decay in $^{136}$Xe with EXO-200}",
    eprint = "1205.5608",
    archivePrefix = "arXiv",
    primaryClass = "hep-ex",
    doi = "10.1103/PhysRevLett.109.032505",
    journal = "Phys. Rev. Lett.",
    volume = "109",
    pages = "032505",
    year = "2012"
}

@article{Arnaboldi2002du,
    author = "Arnaboldi, C. and others",
    collaboration = "CUORE",
    title = "{CUORE: A Cryogenic underground observatory for rare events}",
    eprint = "hep-ex/0212053",
    archivePrefix = "arXiv",
    doi = "10.1016/j.nima.2003.07.067",
    journal = "Nucl. Instrum. Meth. A",
    volume = "518",
    pages = "775--798",
    year = "2004"
}
@article{SNO_paper,
    author = "Aharmim, B. and others",
    collaboration = "SNO",
    title = "{Combined Analysis of all Three Phases of Solar Neutrino Data from the Sudbury Neutrino Observatory}",
    eprint = "1109.0763",
    archivePrefix = "arXiv",
    primaryClass = "nucl-ex",
    doi = "10.1103/PhysRevC.88.025501",
    journal = "Phys. Rev. C",
    volume = "88",
    pages = "025501",
    year = "2013"
}

@article{legend2017,
    author = "Abgrall, N. and others",
    editor = "Civitarese, Osvaldo and Stekl, Ivan and Suhonen, Jouni",
    collaboration = "LEGEND",
    title = "{The Large Enriched Germanium Experiment for Neutrinoless Double Beta Decay (LEGEND)}",
    eprint = "1709.01980",
    archivePrefix = "arXiv",
    primaryClass = "physics.ins-det",
    doi = "10.1063/1.5007652",
    journal = "AIP Conf. Proc.",
    volume = "1894",
    number = "1",
    pages = "020027",
    year = "2017"
}

@ARTICLE{wu_experiment,
       author = {{Wu}, C.~S. and {Ambler}, E. and {Hayward}, R.~W. and {Hoppes}, D.~D. and {Hudson}, R.~P.},
        title = "{Experimental Test of Parity Conservation in Beta Decay}",
      journal = {Physical Review},
         year = 1957,
        month = feb,
       volume = {105},
       number = {4},
        pages = {1413-1415},
          doi = {10.1103/PhysRev.105.1413},
       adsurl = {https://ui.adsabs.harvard.edu/abs/1957PhRv..105.1413W},
      adsnote = {Provided by the SAO/NASA Astrophysics Data System}
}



@article{nufit,
   title={Updated fit to three neutrino mixing: exploring the accelerator-reactor complementarity},
   volume={2017},
   ISSN={1029-8479},
   url={http://dx.doi.org/10.1007/JHEP01(2017)087},
   DOI={10.1007/jhep01(2017)087},
   number={1},
   journal={Journal of High Energy Physics},
   publisher={Springer Science and Business Media LLC},
   author={Esteban, Ivan and Gonzalez-Garcia, M. C. and Maltoni, Michele and Martinez-Soler, Ivan and Schwetz, Thomas},
   year={2017},
   month={Jan}
}



@ARTICLE{l1000_pcdr,
       author = {Abgrall, N. and others},
        title = "{LEGEND-1000 Preconceptual Design Report}",
      journal = {arXiv e-prints},
     keywords = {Physics - Instrumentation and Detectors, Nuclear Experiment},
         year = 2021,
        month = jul,
          eid = {arXiv:2107.11462},
        pages = {arXiv:2107.11462},
archivePrefix = {arXiv},
       eprint = {2107.11462},
 primaryClass = {physics.ins-det},
       adsurl = {https://ui.adsabs.harvard.edu/abs/2021arXiv210711462L},
      adsnote = {Provided by the SAO/NASA Astrophysics Data System}
}



@article{annurev_nucl,
author = {Dolinski, Michelle J. and Poon, Alan W.P. and Rodejohann, Werner},
title = {Neutrinoless Double-Beta Decay: Status and Prospects},
journal = {Annual Review of Nuclear and Particle Science},
volume = {69},
number = {1},
pages = {219-251},
year = {2019},
doi = {10.1146/annurev-nucl-101918-023407},

URL = { 
        https://doi.org/10.1146/annurev-nucl-101918-023407
    
},
eprint = { 
        https://doi.org/10.1146/annurev-nucl-101918-023407
}
}

@article{Majorana_2019nbd,
    author = "Alvis, S. I. and others",
    collaboration = "Majorana",
    title = "{A Search for Neutrinoless Double-Beta Decay in $^{76}$Ge with 26 kg-yr of Exposure from the MAJORANA DEMONSTRATOR}",
    eprint = "1902.02299",
    archivePrefix = "arXiv",
    primaryClass = "nucl-ex",
    doi = "10.1103/PhysRevC.100.025501",
    journal = "Phys. Rev. C",
    volume = "100",
    number = "2",
    pages = "025501",
    year = "2019"
}


@article{GERDA_final,
    author = "Agostini, M. and others",
    collaboration = "GERDA",
    title = "{Final Results of GERDA on the Search for Neutrinoless Double-$\beta$ Decay}",
    eprint = "2009.06079",
    archivePrefix = "arXiv",
    primaryClass = "nucl-ex",
    doi = "10.1103/PhysRevLett.125.252502",
    journal = "Phys. Rev. Lett.",
    volume = "125",
    number = "25",
    pages = "252502",
    year = "2020"
}

@phdthesis{Buuck_thesis,
    author = "Buuck, Micah James Noecker",
    title = "{A Radiogenic Background Model for the MAJORANA DEMONSTRATOR}",
    school = "U. Washington, Seattle (main)",
    year = "2019"
}

@article{RB_SOR_paper,
author = {Epicoco, Italo and Mocavero, Silvia and Aloisio, Giovanni},
title = {The performance model for a parallel SOR algorithm using the red-black scheme},
journal = {International Journal of High Performance Systems Architecture},
volume = {4},
number = {2},
pages = {101-109},
year = {2012},
doi = {10.1504/IJHPSA.2012.050989},
    note ={PMID: 50989},
URL = {https://www.inderscienceonline.com/doi/abs/10.1504/IJHPSA.2012.050989},
eprint = { 
        https://www.inderscienceonline.com/doi/pdf/10.1504/IJHPSA.2012.050989}}

@article{Comellato:2020ljj,
    author = {Comellato, Tommaso and Agostini, Matteo and Sch\"onert, Stefan},
    title = "{Charge-carrier collective motion in germanium detectors for $\beta \beta $-decay searches}",
    eprint = "2007.12910",
    archivePrefix = "arXiv",
    primaryClass = "physics.ins-det",
    doi = "10.1140/epjc/s10052-021-08889-0",
    journal = "Eur. Phys. J. C",
    volume = "81",
    number = "1",
    pages = "76",
    year = "2021"
}

@article{MULLOWNEY201233,
title = {Computational models of germanium point contact detectors},
journal = {Nuclear Instruments and Methods in Physics Research Section A: Accelerators, Spectrometers, Detectors and Associated Equipment},
volume = {662},
number = {1},
pages = {33-44},
year = {2012},
issn = {0168-9002},
doi = {https://doi.org/10.1016/j.nima.2011.09.061},
url = {https://www.sciencedirect.com/science/article/pii/S0168900211018572},
author = {Paul Mullowney and Ming-Chieh Lin and Kevin Paul and Cory Ahrens and Michael Loh and R.J. Cooper and D.C. Radford and Ethan Hull},
keywords = {Hole mobility, Surface scattering, Monte Carlo simulation, HPGe detectors},
}


@Book{knoll_2010,
author = { Knoll, Glenn F. },
title = { Radiation detection and measurement },
edition = { 4th ed. },
isbn = { 9780470131480 },
publisher = { John Wiley \& Sons, Inc. },
pages = { xxv, 830 p. : },
year = { 2010 },
type = { Book },
language = { English },
subjects = { Nuclear counters.; Radiation -- Measurement. },
life-dates = { 2010 -  },
}

@article{Abt:2021SSD,
  author        = {Abt, I. and Fischer, F. and Hagemann, F. and Hauertmann, L. and Schulz, O. and Schuster, M. and Zsigmond, A. J.},
  title         = {Simulation of semiconductor detectors in 3D with SolidStateDetectors.jl},
  year          = {2021},
  month         = {8},
  journal       = {Journal of Instrumentation},
  publisher     = {{IOP} Publishing},
  volume        = {16},
  number        = {08},
  pages         = {P08007},
  doi           = {10.1088/1748-0221/16/08/p08007},
  url           = {https://doi.org/10.1088/1748-0221/16/08/p08007}
}

@misc{ssd_web,
author = {Iris Abt et al.},
title = {{SolidStateDetectors}},
howpublished = {\url{https://juliaphysics.github.io/SolidStateDetectors.jl}},
  note = {{Accessed: 2022-03-02}}
}


@article{Xu:2021vxj,
    author = "Xu, Wenqin",
    collaboration = "Majorana",
    title = "{Beyond the Standard Model Searches with the Majorana Demonstrator Experiment}",
    eprint = "2110.11173",
    archivePrefix = "arXiv",
    primaryClass = "hep-ex",
    doi = "10.1088/1742-6596/2156/1/012021",
    journal = "J. Phys. Conf. Ser.",
    volume = "2156",
    number = "2021",
    pages = "012021",
    year = "2021"
}

@article{PhysRev.79.902,
  title = {${\mathrm{Argon}}^{39}$ Beta-Spectrum},
  author = {Brosi, A. R. and Zeldes, H. and Ketelle, B. H.},
  journal = {Phys. Rev.},
  volume = {79},
  issue = {5},
  pages = {902--902},
  numpages = {0},
  year = {1950},
  month = {Sep},
  publisher = {American Physical Society},
  doi = {10.1103/PhysRev.79.902},
  url = {https://link.aps.org/doi/10.1103/PhysRev.79.902}
}

@article{siggen_paper,
    author = "Mertens, S. and Hegai, A. and Radford, D. C. and Abgrall, N. and Chan, Y. -D. and Martin, R. D. and Poon, A. W. P. and Schmitt, C.",
    title = "{Characterization of High Purity Germanium Point Contact Detectors with Low Net Impurity Concentration}",
    eprint = "1803.06999",
    archivePrefix = "arXiv",
    primaryClass = "physics.ins-det",
    doi = "10.1016/j.nima.2018.09.012",
    journal = "Nucl. Instrum. Meth. A",
    volume = "921",
    pages = "81--88",
    year = "2019"
}






%%%%%%%%%%%%%%%%%%%%%%%%%%%CPU-Net Bibs%%%%%%%%%%%%%%%%%%%%%%%%%%%%%%%%%%%%
@article{mjd_background,
    author = "Haufe, C. R. and others",
    title = "{Modeling backgrounds for the Majorana Demonstrator}",
    eprint = "2209.10592",
    archivePrefix = "arXiv",
    primaryClass = "nucl-ex",
    doi = "10.1063/5.0161379",
    journal = "AIP Conf. Proc.",
    volume = "2908",
    number = "1",
    pages = "100001",
    year = "2023"
}
@article{IGEX,
    author = "Aalseth, C. E. and others",
    collaboration = "IGEX",
    title = "{The IGEX Ge-76 neutrinoless double beta decay experiment: Prospects for next generation experiments}",
    eprint = "hep-ex/0202026",
    archivePrefix = "arXiv",
    doi = "10.1103/PhysRevD.65.092007",
    journal = "Phys. Rev. D",
    volume = "65",
    pages = "092007",
    year = "2002"
}

@article{GERDA,
    author = "Agostini, M. and others",
    collaboration = "GERDA",
    title = "{Final Results of GERDA on the Search for Neutrinoless Double-$\beta$ Decay}",
    eprint = "2009.06079",
    archivePrefix = "arXiv",
    primaryClass = "nucl-ex",
    doi = "10.1103/PhysRevLett.125.252502",
    journal = "Phys. Rev. Lett.",
    volume = "125",
    number = "25",
    pages = "252502",
    year = "2020"
}

@article{MJD,
  title = {Final Result of the Majorana Demonstrator's Search for Neutrinoless Double-$\ensuremath{\beta}$ Decay in $^{76}\mathrm{Ge}$},
  author = {Arnquist el al.},
  collaboration = {Majorana Collaboration},
  journal = {Phys. Rev. Lett.},
  volume = {130},
  issue = {6},
  pages = {062501},
  numpages = {8},
  year = {2023},
  month = {Feb},
  publisher = {American Physical Society},
  doi = {10.1103/PhysRevLett.130.062501},
  url = {https://link.aps.org/doi/10.1103/PhysRevLett.130.062501}
}


@article{legend_pcdr,
    author = "Abgrall, N. and others",
    collaboration = "LEGEND",
    title = "{The Large Enriched Germanium Experiment for Neutrinoless $\beta\beta$ Decay}: {LEGEND-1000 Preconceptual Design Report}",
    journal="arXiv",
    eprint = "2107.11462",
    archivePrefix = "arXiv",
    primaryClass = "physics.ins-det",
    month = "7",
    year = "2021"
}

@article{COGENT,
    author = "Aalseth, C. E. and others",
    collaboration = "CoGeNT",
    title = "{Results from a Search for Light-Mass Dark Matter with a P-type Point Contact Germanium Detector}",
    eprint = "1002.4703",
    archivePrefix = "arXiv",
    primaryClass = "astro-ph.CO",
    doi = "10.1103/PhysRevLett.106.131301",
    journal = "Phys. Rev. Lett.",
    volume = "106",
    pages = "131301",
    year = "2011"
}

@article{CDMS,
    author = "Ahmed, Z. and others",
    collaboration = "CDMS-II",
    title = "{Dark Matter Search Results from the CDMS II Experiment}",
    eprint = "0912.3592",
    archivePrefix = "arXiv",
    primaryClass = "astro-ph.CO",
    reportNumber = "FERMILAB-PUB-09-637-AE",
    doi = "10.1126/science.1186112",
    journal = "Science",
    volume = "327",
    pages = "1619--1621",
    year = "2010"
}

@article{SuperCDMS,
    author = "Agnese, R. and others",
    collaboration = "SuperCDMS",
    title = "{Search for Low-Mass Weakly Interacting Massive Particles with SuperCDMS}",
    eprint = "1402.7137",
    archivePrefix = "arXiv",
    primaryClass = "hep-ex",
    reportNumber = "FERMILAB-PUB-14-042-AE",
    doi = "10.1103/PhysRevLett.112.241302",
    journal = "Phys. Rev. Lett.",
    volume = "112",
    number = "24",
    pages = "241302",
    year = "2014"
}

@article{charge_trapping,
    author = "Mei, D. -M. and others",
    title = "{Impact of Charge Trapping on the Energy Resolution of Ge Detectors for Rare-Event Physics Searches}",
    eprint = "1909.05806",
    archivePrefix = "arXiv",
    primaryClass = "physics.ins-det",
    doi = "10.1088/1361-6471/ab9796",
    journal = "J. Phys. G",
    volume = "47",
    number = "10",
    pages = "105106",
    year = "2020"
}

@article{dl,
    author = "Kaya, Selim and \c{C}eli\ensuremath{\dot{}}k, Necati and Bayram, Tuncay",
    title = "{Effect of front, lateral and back dead layer thicknesses of a HPGe detector on full energy peak efficiency}",
    doi = "10.1016/j.nima.2022.166401",
    journal = "Nucl. Instrum. Meth. A",
    volume = "1029",
    pages = "166401",
    year = "2022"
}

@article{TUBE_paper,
    author = "Arnquist, I. J. and others",
    collaboration = "Majorana",
    title = "{$\alpha $-event characterization and rejection in point-contact HPGe detectors}",
    eprint = "2006.13179",
    archivePrefix = "arXiv",
    primaryClass = "physics.ins-det",
    doi = "10.1140/epjc/s10052-022-10161-y",
    journal = "Eur. Phys. J. C",
    volume = "82",
    number = "3",
    pages = "226",
    year = "2022"
}

@article{ICPC,
title = {A novel HPGe detector for gamma-ray tracking and imaging},
journal = {Nuclear Instruments and Methods in Physics Research Section A: Accelerators, Spectrometers, Detectors and Associated Equipment},
volume = {665},
pages = {25-32},
year = {2011},
issn = {0168-9002},
doi = {https://doi.org/10.1016/j.nima.2011.10.008},
url = {https://www.sciencedirect.com/science/article/pii/S0168900211018985},
author = {R.J. Cooper and D.C. Radford and P.A. Hausladen and K. Lagergren},
keywords = {HPGe detector, Gamma-ray tracking, Position sensitivity, Gamma-ray imaging},
abstract = {A novel, large-volume High Purity Germanium (HPGe) detector that will provide gamma-ray detection with both sub-mm position resolution and high efficiency is under development. This design is based on a coaxial HPGe geometry and employs a point contact along with segmentation of the outer electrode. Calculations indicate that this device will be capable of achieving values of position sensitivity which are approximately a factor of four or five greater than conventional gamma-ray tracking detectors.}
}

@article{Ben_Thesis,
title={High Precision Modeling of Germanium Detector Waveforms Using Bayesian Machine Learning},
author={Shanks, Benjamin},
year = {2017},
journal = {PhD Thesis},
doi = {https://doi.org/10.17615/5b77-0b14},
}

@article{Sam_Thesis,
author={Meijer, Samuel Joseph},
title={Precision Modeling of Germanium Detector Waveforms For Rare Event Searches},
year = {2019},
journal = {PhD Thesis},
doi = {https://doi.org/10.17615/2hq3-nn33},
}

@inproceedings{UNet,
  title={U-net: Convolutional networks for biomedical image segmentation},
  author={Ronneberger, Olaf and Fischer, Philipp and Brox, Thomas},
  booktitle={International Conference on Medical image computing and computer-assisted intervention},
  pages={234--241},
  year={2015},
  organization={Springer}
}

@article{MJD_electronics,
    author = "Abgrall, N. and others",
    collaboration = "{\sc Majorana} Collaboration",
    title = "{The Majorana Demonstrator readout electronics system}",
    eprint = "2111.09351",
    archivePrefix = "arXiv",
    primaryClass = "physics.ins-det",
    doi = "10.1088/1748-0221/17/05/T05003",
    journal = "JINST",
    volume = "17",
    number = "05",
    pages = "T05003",
    year = "2022"
}

@article{ADAM,
  title={Adam: A method for stochastic optimization},
  author={Kingma, Diederik P and Ba, Jimmy},
  journal={arXiv preprint arXiv:1412.6980},
  year={2014}
}

@article{pytorch,
  title={Pytorch: An imperative style, high-performance deep learning library},
  author={Paszke, Adam and Gross, Sam and Massa, Francisco and Lerer, Adam and Bradbury, James and Chanan, Gregory and Killeen, Trevor and Lin, Zeming and Gimelshein, Natalia and Antiga, Luca and others},
  journal={Advances in neural information processing systems},
  volume={32},
  year={2019}
}

@article{GRU,
  title={On the properties of neural machine translation: Encoder-decoder approaches},
  author={Cho, Kyunghyun and Van Merri{\"e}nboer, Bart and Bahdanau, Dzmitry and Bengio, Yoshua},
  journal={arXiv preprint arXiv:1409.1259},
  year={2014}
}

@article{AAE,
  title={Adversarial autoencoders},
  author={Makhzani, Alireza and Shlens, Jonathon and Jaitly, Navdeep and Goodfellow, Ian and Frey, Brendan},
  journal={arXiv preprint arXiv:1511.05644},
  year={2015}
}

@article{VAE,
  title={Auto-encoding variational bayes},
  author={Kingma, Diederik P and Welling, Max},
  journal={arXiv preprint arXiv:1312.6114},
  year={2013}
}

@article{CUORE,
    author = "Adams, D. Q. and others",
    collaboration = "CUORE",
    title = "{Search for Majorana neutrinos exploiting millikelvin cryogenics with CUORE}",
    eprint = "2104.06906",
    archivePrefix = "arXiv",
    primaryClass = "nucl-ex",
    doi = "10.1038/s41586-022-04497-4",
    journal = "Nature",
    volume = "604",
    number = "7904",
    pages = "53--58",
    year = "2022"
}

@article{AvsE,
    author = "Alvis, S. I. and others",
    collaboration = "{\sc Majorana} Collaboration",
    title = "{Multisite event discrimination for the {\sc Majorana Demonstrator}}",
    eprint = "1901.05388",
    archivePrefix = "arXiv",
    primaryClass = "physics.ins-det",
    doi = "10.1103/PhysRevC.99.065501",
    journal = "Phys. Rev. C",
    volume = "99",
    number = "6",
    pages = "065501",
    year = "2019"
}

@article{geant4one,
      author         = "Agostinelli, S. and others",
      title          = "{GEANT4: A Simulation toolkit}",
      collaboration  = "GEANT4",
      journal        = "Nucl.Instrum.Meth.",
      volume         = "A506",
      pages          = "250-303",
      doi            = "10.1016/S0168-9002(03)01368-8",
      year           = "2003",
      reportNumber   = "SLAC-PUB-9350, FERMILAB-PUB-03-339",
      SLACcitation   = "%%CITATION = NUIMA,A506,250;%%",
}

@ARTICLE{geant4two,
author={Allison, J. and others},
collaboration  = "GEANT4",
journal={Nuclear Science, IEEE Transactions on},
title="{Geant4 developments and applications}",
year={2006},
volume={53},
number={1},
pages={270-278},
keywords={physics computing;Geant4;astrophysics;high energy physics;performance optimization;space science;Application software;Astrophysics;Kernel;Large Hadron Collider;Medical simulation;Object oriented modeling;Physics;Production;Protection;Software tools;Electromagnetic interactions;hadronic interactions;object-oriented technology;particle interactions;physics validation;simulation},
doi={10.1109/TNS.2006.869826},
ISSN={0018-9499}
}

@article{attention,
  title={Neural machine translation by jointly learning to align and translate},
  author={Bahdanau, Dzmitry and Cho, Kyunghyun and Bengio, Yoshua},
  journal={arXiv preprint arXiv:1409.0473},
  year={2014}
}

@inproceedings{FConvNet,
  title={Fully convolutional networks for semantic segmentation},
  author={Long, Jonathan and Shelhamer, Evan and Darrell, Trevor},
  booktitle={Proceedings of the IEEE conference on computer vision and pattern recognition},
  pages={3431--3440},
  year={2015}
}

@article{CNNPos,
  title={How Much Position Information Do Convolutional Neural Networks Encode?},
  author={Md. Amirul Islam and Sen Jia and Neil D. B. Bruce},
  journal={ArXiv},
  year={2020},
  volume={abs/2001.08248}
}

@article{Transformer,
  title={Attention is all you need},
  author={Vaswani, Ashish and Shazeer, Noam and Parmar, Niki and Uszkoreit, Jakob and Jones, Llion and Gomez, Aidan N and Kaiser, {\L}ukasz and Polosukhin, Illia},
  journal={Advances in neural information processing systems},
  volume={30},
  year={2017}
}

@inproceedings{CycleGAN,
  title={Unpaired image-to-image translation using cycle-consistent adversarial networks},
  author={Zhu, Jun-Yan and Park, Taesung and Isola, Phillip and Efros, Alexei A},
  booktitle={Proceedings of the IEEE international conference on computer vision},
  pages={2223--2232},
  year={2017}
}
@article{mjd_psd,
  title = {Multisite event discrimination for the majorana demonstrator},
  author = {Alvis et al.},
  collaboration = {Majorana Collaboration},
  journal = {Phys. Rev. C},
  volume = {99},
  issue = {6},
  pages = {065501},
  numpages = {8},
  year = {2019},
  month = {Jun},
  publisher = {American Physical Society},
  doi = {10.1103/PhysRevC.99.065501},
  url = {https://link.aps.org/doi/10.1103/PhysRevC.99.065501}
}
@misc{pygama,
  author       = {Agostini, Matteo and
                  Detwiler, Jason and
                  Pertoldi, Luigi and
                  Guinn, Ian and
                  Marshall, George and
                  D'Andrea, Valerio and
                  Krause, Patrick and
                  Song, Grace and
                  Engelhardt, Erin and
                  Borden, Sam and
                  Deckert, Rosanna and
                  Sweigart, David and
                  Zschocke, Andreas and
                  Wiseman, Clint and
                  Mathew, Tim and
                  Kermaïdic, Yoann and
                  Shanks, Ben},
  title        = {pygama},
  month        = mar,
  year         = 2024,
  publisher    = {Zenodo},
  version      = {v1.6.0},
  doi          = {10.5281/zenodo.10731283},
  url          = {https://doi.org/10.5281/zenodo.10731283}
}
@misc{dspeed,
  author       = {Guinn, Ian and
                  Pertoldi, Luigi and
                  Detwiler, Jason and
                  Borden, Sam and
                  Shanks, Ben and
                  Wiseman, Clint and
                  Mathew, Tim and
                  D'Andrea, Valerio and
                  Krause, Patrick and
                  Marshall, George and
                  Agostini, Matteo and
                  Othman, Gulden},
  title        = {dspeed},
  month        = mar,
  year         = 2024,
  publisher    = {Zenodo},
  version      = {v1.3.0},
  doi          = {10.5281/zenodo.10731119},
  url          = {https://doi.org/10.5281/zenodo.10731119}
}

@article{mjd_pole_zero,
   title={Charge trapping correction and energy performance of the Majorana Demonstrator},
   volume={107},
   ISSN={2469-9993},
   url={http://dx.doi.org/10.1103/PhysRevC.107.045503},
   DOI={10.1103/physrevc.107.045503},
   number={4},
   journal={Physical Review C},
   publisher={American Physical Society (APS)},
   author={Arnquist et al.},
   year={2023},
   month=apr }

@misc{icpc_siggen,
  title = {Siggen softwared},
  author = {David Radford},
  howpublished = {\url{https://github.com/radforddc/icpc_siggen}},
}

% First paper on SolidStateDetectors.jl at v0.5
@article{ssd_paper,
  author        = {Abt, I. and Fischer, F. and Hagemann, F. and Hauertmann, L. and Schulz, O. and Schuster, M. and Zsigmond, A. J.},
  title         = {Simulation of semiconductor detectors in 3D with SolidStateDetectors.jl},
  year          = {2021},
  month         = {8},
  journal       = {Journal of Instrumentation},
  publisher     = {{IOP} Publishing},
  volume        = {16},
  number        = {08},
  pages         = {P08007},
  doi           = {10.1088/1748-0221/16/08/p08007},
  url           = {https://doi.org/10.1088/1748-0221/16/08/p08007}
}

@misc{adam_w_paper,
      title={Decoupled Weight Decay Regularization}, 
      author={Ilya Loshchilov and Frank Hutter},
      year={2019},
      eprint={1711.05101},
      archivePrefix={arXiv},
      primaryClass={cs.LG},
      url={https://arxiv.org/abs/1711.05101}, 
}
%%%%%%%%%%%%%%%%%%%%%%%%%%%CPU-Net Bibs%%%%%%%%%%%%%%%%%%%%%%%%%%%%%%%%%%%%
